<?xml version="1.0" encoding="UTF-8"?><record xmlns="http://www.loc.gov/MARC21/slim" xmlns:cinclude="http://apache.org/cocoon/include/1.0" xmlns:zs="http://www.loc.gov/zing/srw/">
  <leader>00484nz  a2200133n  4500</leader>
  <controlfield tag="001">nr2001032543</controlfield>
  <controlfield tag="003">DLC</controlfield>
  <controlfield tag="005">20010814033117.0</controlfield>
  <controlfield tag="008">010813n| acannaabn           a ana     c</controlfield>
  <datafield tag="010" ind1=" " ind2=" ">
    <subfield code="a">nr2001032543</subfield>
  </datafield>
  <datafield tag="040" ind1=" " ind2=" ">
    <subfield code="a">MH-FA</subfield>
    <subfield code="b">eng</subfield>
    <subfield code="c">MH-FA</subfield>
  </datafield>
  <datafield tag="110" ind1="2" ind2=" ">
    <subfield code="a">Five Women Artists Plus (Group of artists)</subfield>
  </datafield>
  <datafield tag="410" ind1="2" ind2=" ">
    <subfield code="a">5 Women Artists Plus (Group of artists)</subfield>
  </datafield>
  <datafield tag="670" ind1=" " ind2=" ">
    <subfield code="a">Five Women Artists Plus, 2000:</subfield>
    <subfield code="b">preface (group of women artists; painters, sculptors and printmakers based in London) p. 4 (founded in 1981)</subfield>
  </datafield>
</record>